3000 4892
511 368 545 416 a.
569 364 714 416 rrrrrtrr
738 366 876 417 erarii.
972 400 979 411 .
1137 354 1226 421 2⁰68

139 584 141 589 A
178 510 252 591 1731
277 504 389 569 Eadem
411 508 534 587 repetita
557 508 588 570 in
616 509 746 588 Corpore
768 512 897 571 omniurn
916 518 1047 571 veteram
1070 508 1226 573 Poetarum

133 602 314 675 Latinorum,
325 602 489 663 Mediolon.
503 608 534 666 4.
548 605 582 665 Τ.
599 624 623 665 1.
637 615 668 665 et
682 624 722 666 rr.
759 620 765 633 ·

177 700 254 757 1732
276 697 316 756 Le
330 698 437 777 eisque
451 698 528 759 Libri
540 698 618 759 delle
633 700 730 773 Selre,
744 698 865 759 tradotti
874 698 904 782 in
914 718 999 759 varan
1013 700 1118 760 seiolto
1131 700 1173 761 de
1184 722 1226 761 un

133 793 241 877 Pastor
247 791 373 853 Arcade.
387 793 463 869 (eloh
473 793 522 857 dal
535 795 598 875 sig.
610 795 668 855 Ab.
682 796 848 873 liranoeaoo
860 792 957 854 Maris
967 794 1076 855 Biacca
1085 794 1226 875 Perneg-

132 889 233 967 glano,
248 886 333 945 detto
345 886 375 946 in
390 871 691 949 Arcadia'Parmindo
705 887 884 965 lbichense.)
925 890 1036 949 Extant
1049 890 1079 947 in
1095 890 1227 971 Corprne

131 982 262 1043 omniurn
275 980 430 1041 retPoet.
446 982 511 1044 hat.
528 984 703 1045 Mediolani.
719 987 748 1045 4.
764 983 799 1043 T.
815 1004 871 1043 ιιι.
922 1040 926 1047 .

172 1111 212 1123 -
234 1078 365 1155 leinque
379 1076 457 1137 Libri
468 1077 536 1139 dell’
546 1079 720 1153 Achilleide,
735 1077 857 1139 tradotti
870 1079 998 1138 inverso
1013 1078 1118 1139 aciolto
1133 1079 1172 1139 da
1186 1100 1226 1144 un

131 1172 324 1250 Academico,
346 1174 479 1243 Quirino.
506 1174 583 1251 (cine
612 1174 662 1235 dal
687 1176 751 1253 Sig.
776 1174 883 1234 Dottor
906 1174 1012 1233 Orazio
1026 1173 1149 1236 Bianehi
1165 1176 1226 1237 Ro·

132 1272 246 1345 mano.)
288 1270 457 1349 incorpore
472 1280 529 1331 vet.
544 1270 630 1332 Polit.
645 1271 709 1331 Lat.
725 1268 899 1331 Mediolani.
914 1275 945 1330 4.
960 1269 994 1329 Τ.
1006 1288 1053 1329 rv.

579 1460 774 1525 Artemon.

176 1585 254 1643 1766
274 1582 336 1641 'lhe
357 1580 490 1642 Thebaid
514 1582 550 1642 oi
566 1582 690 1657 Statius,
707 1582 871 1643 translated
892 1584 956 1645 into
971 1582 1098 1663 English
1122 1582 1231 1659 Verre,

132 1679 203 1739 with
219 1678 314 1739 Notes
329 1675 389 1737 and
404 1678 629 1751 observatione,
643 1678 703 1739 end
724 1678 954 1738 aDissertation
974 1698 1053 1759 npon
1067 1679 1117 1741 the
1137 1681 1232 1745 whole

130 1777 172 1857 hy
186 1774 265 1853 Way
277 1773 313 1833 oi
322 1772 455 1834 Prelaoe.
479 1776 509 1835 2.
523 1773 591 1834 roll.
608 1776 637 1833 8.
652 1773 748 1834 Lond.
762 1772 910 1835 Fletcher.
1048 1831 1060 1851 ,

176 2246 329 2312 omsse
345 2252 423 2311 sunt
436 2264 458 2311 e
473 2245 677 2328 Bipnntinis,
690 2242 743 2308 vel
756 2252 822 2308 non
833 2244 945 2309 lucido
959 2247 1042 2311 satis
1051 2248 1229 2330 expositae,

131 2346 297 2413 editiones
313 2346 409 2413 Statii
423 2364 501 2430 qnae
517 2352 711 2430 seqnuntnr.

176 2446 371 2513 'lhehaidos
385 2446 479 2511 Libri
495 2460 567 2510 xrr.
582 2448 616 2511 at
629 2442 835 2509 Achilleidos
850 2443 926 2509 Lib·
943 2464 967 2511 ι.
983 2446 1183 2513 denotantur
1197 2448 1231 2510 in

133 2546 302 2630 Getalogo
318 2547 428 2611 Ducis
442 2545 483 2609 de
497 2547 531 2610 la
544 2542 702 2622 Valliere,
715 2544 813 2609 Torn.
828 2561 868 2611 11.
888 2566 922 2629 p.
936 2548 1012 2647 109.
1036 2547 1228 2647 charnotere

131 2646 302 2724 Romano,
317 2648 390 2711 eino
404 2646 483 2710 anni
495 2650 529 2709 et
541 2642 609 2709 loei
622 2650 713 2709 note.

180 2747 246 2812 'In
260 2748 379 2812 endam
394 2744 554 2811 Cesanat.
569 2742 802 2816 Bibliotheca)
816 2746 864 2809 ait
877 2744 1076 2825 Andiffredi,
1090 2750 1233 2832 ‘reperi-

134 2858 191 2913 tur
217 2848 325 2914 editio
348 2848 428 2927 alia,
448 2864 523 2931 qnae
549 2846 724 2929 praesentis
745 2844 884 2930 (nempe
899 2845 1000 2910 Rorn-
1015 2845 1129 2931 1475.)
1142 2868 1233 2934 repe-

130 2950 208 3015 titio
230 2954 294 3027 est,
321 2946 499 3031 signaturis
529 2947 703 3025 instructa,
728 2946 789 3010 sed
811 2947 900 3011 omni
915 2947 993 3026 loci,
1015 2950 1186 3032 temporis,
1201 2958 1233 3016 at

130 3050 338 3134 typographi
353 3048 479 3114 indicio
500 3056 627 3111 sarens.
672 3047 761 3127 Quae
785 3066 863 3112 eum
885 3050 918 3112 in
945 3048 1039 3113 ealce
1055 3050 1232 3134 sylvarum

126 3152 233 3217 snei
244 3150 383 3215 easdem
396 3149 662 3232 subscriptiones
676 3168 717 3213 no
736 3166 885 3231 praesens
898 3148 1050 3214 Romana
1065 3151 1234 3228 exhibeat,

124 3252 225 3317 credi
244 3254 373 3333 posset,
399 3256 435 3314 et
458 3236 566 3332 ipsam
591 3248 779 3313 Romanam
801 3266 891 3326 esse,
913 3249 1014 3312 sicuti
1037 3250 1146 3333 reipsa
1160 3269 1233 3315 cre-

122 3350 206 3418 dita
235 3351 298 3415 fnit
326 3348 369 3414 nh
396 3350 535 3434 antiqno
564 3349 640 3433 ejus
668 3367 877 3432 possessore.
928 3348 995 3413 Sed
1023 3351 1148 3416 nullum
1180 3360 1234 3417 est

121 3454 275 3520 dubium
292 3451 374 3535 quin
388 3448 524 3517 Veneta
539 3452 593 3532 sit,
605 3458 641 3515 et
654 3450 788 3535 quidem
802 3448 957 3514 Romana
971 3451 1035 3517 hno
1050 3455 1233 3536 posterior!

120 3554 248 3621 Cetel.
264 3550 358 3617 Hist.
374 3551 455 3618 (irit.
469 3550 569 3618 Rom.
584 3550 688 3617 Editt.
704 3570 785 3616 sese.
795 3567 865 3614 xv.
880 3572 915 3635 p.
930 3552 1005 3619 185.

172 3653 375 3721 Thebaidos
400 3654 492 3719 Lihri
508 3670 581 3719 xri.
606 3670 651 3717 ex
676 3652 866 3717 recensione
889 3652 1010 3718 Bonini
1036 3654 1232 3731 Momhritii,

120 3752 334 3832 Mediolani,
347 3754 437 3820 eirca
451 3772 571 3819 annum
582 3752 678 3819 1178.
694 3750 832 3817 Harlas.
849 3752 931 3817 Not.
941 3754 1039 3819 Brev.
1054 3754 1121 3818 hit.
1133 3752 1232 3820 Rom.

174 3956 308 4023 Vorsio
324 3956 447 4021 ltaliae
461 3956 648 4039 sylvarum,
675 3954 821 4020 Florent.
850 3956 938 4039 apud
964 3956 999 4020 S.
1019 3955 1153 4021 lande
1172 3955 1233 4022 Ri-

115 4057 220 4148 poli,
234 4058 334 4123 ldffl.
346 4056 408 4122 sel.

176 4158 317 4240 Pnnner,
334 4156 420 4223 Ann.
433 4156 584 4243 Typogr.
596 4160 663 4227 vol.
681 4175 723 4225 ιι.
737 4176 771 4239 p.
785 4157 840 4223 ⁷7.
855 4160 946 4223 notat
964 4178 984 4223 e
1007 4156 1119 4227 (latai.
1144 4160 1235 4225 Bihl.
