3000 4892
516 365 550 413 r.
572 364 718 419 rnrrnu
742 366 884 421 senon.
1152 355 1241 427 2666

180 508 395 588 'Nomen
409 520 615 593 qnamngun
629 514 806 591 spmarrmt
820 508 954 587 eruditi,
978 507 1159 593 sylvarum
1167 514 1240 582 edi·

146 612 269 684 tionem
282 611 435 696 promisit
450 610 540 675 Frid.
554 608 725 688 Handins,
739 610 900 677 lenensis
910 611 1096 683 Professor.
1137 612 1235 683 Tem.
1372 646 1383 661 =

145 714 285 799 primus,
309 712 372 781 trin
396 711 508 797 priora
530 711 678 781 carmina
697 711 877 795 Sylrarnm
903 714 1140 796 complectens,
1162 716 1237 799 jem

144 816 299 897 vmgstm
311 820 373 891 est,
398 814 490 895 Lips.
505 812 601 879 1817.
615 811 692 879 Suo.
736 814 870 881 Praebet
881 815 1145 893 observationes,
1162 836 1236 883 cor·

146 916 323 991 rectiones,
347 920 381 978 et
401 912 607 996 conjecturas
623 931 825 977 summorum
849 915 1051 994 criticorum,
1070 937 1140 983 uun
1160 938 1237 985 cnm

147 1015 273 1097 integro
296 1014 486 1079 Marklandi
507 1015 755 1093 commentario,
774 1024 810 1082 et
833 1014 998 1081 Gronovii
1018 1020 1239 1085 annotationi·

147 1116 225 1193 bns,
238 1116 379 1199 adjectis
394 1117 530 1199 insuper
542 1116 618 1180 aliis
633 1117 676 1180 ab
690 1117 767 1199 ipso
778 1115 906 1181 editore
920 1116 1140 1183 concinnatis.

196 1215 236 1280 P.
253 1214 389 1298 Papinii
415 1216 515 1280 Statii
544 1215 670 1300 Opera,
700 1217 820 1288 sedule
847 1217 1039 1283 recensione
1068 1228 1238 1298 accuratu,

148 1314 257 1381 lond.
272 1314 368 1381 1822.
382 1317 492 1381 lSmo.

193 1417 367 1500 Bipontini
388 1436 487 1481 unam
508 1421 637 1481 tantum
651 1414 828 1500 Anglicnm
840 1420 1025 1484 versionem
1046 1420 1239 1486 Thebaidos

145 1525 343 1596 memorant,
365 1538 485 1603 nempe
508 1539 529 1584 a
552 1519 660 1585 Lenis
682 1520 790 1586 Lund.
806 1521 902 1585 1766.
923 1522 959 1585 ni
982 1520 1130 1585 fallimur
1144 1520 1250 1600 1767„

147 1618 329 1687 Addnntnr
356 1619 454 1701 igitur
480 1620 557 1685 libri
584 1622 729 1704 quinque
754 1620 857 1686 Statii
883 1621 1077 1687 Thebaidos
1102 1610 1238 1687 metrice

146 1722 237 1787 versi
248 1740 270 1785 a
279 1720 407 1799 Τ--,
423 1720 465 1784 de
480 1738 548 1804 qna
559 1721 712 1813 versione
724 1721 843 1785 videas
857 1722 985 1803 praefat.
996 1723 1106 1805 ipsius
1119 1723 1239 1788 Lenis

147 1820 351 1905 -Quinqne
374 1822 467 1886 Libri
491 1822 683 1887 Thebaidos
706 1830 812 1886 metro
836 1820 980 1903 Anglicc
1008 1824 1126 1888 redditi
1149 1843 1171 1889 a
1197 1824 1238 1889 Τ.

147 1923 322 2006 Stephcns.
347 1921 454 1986 Lond.
477 1922 574 1987 1648.
598 1922 817 2013 Sum-Statii
837 1921 1011 2001 Achilleis,
1035 1926 1070 1989 in
1091 1926 1240 2008 quinque
1304 1922 1311 1935 '

147 2022 406 2101 librosdivisa,
432 2030 469 2087 et
493 2024 634 2105 Anglice
663 2043 775 2101 versa,
804 2042 945 2107 quornm
968 2024 1108 2107 singulis
1134 2026 1241 2109 snbji-

148 2124 282 2191 ciuntur
296 2126 539 2203 aunotationes,
553 2144 575 2189 a
589 2124 741 2189 Roberto
757 2120 916 2189 Houurd.
932 2124 1038 2189 lacud-
1052 2125 1147 2189 1660.
1163 2126 1240 2190 tivo.

147 2224 334 2291 -Adrasti
350 2224 537 2302 Exercitus,
562 2232 599 2287 et
613 2226 699 2289 socii
714 2224 799 2309 ejus,
813 2226 876 2290 &c-
900 2243 945 2289 ex
959 2233 1077 2308 quarto
1091 2232 1126 2290 et
1139 2232 1238 2291 sexto

148 2326 247 2391 Statii
275 2325 468 2390 'lhehaidos
497 2324 601 2402 libris,
629 2324 886 2404 Anglicacnm
914 2326 1194 2413 annotationibus,
1218 2346 1242 2391 a

149 2426 281 2491 Walter
306 2426 427 2513 Harte,
454 2426 487 2491 in
513 2425 732 2491 Poematibns
756 2425 844 2508 ejus,
868 2425 978 2491 hond.
997 2427 1091 2491 1727.
1117 2427 1240 2492 Suo.-

149 2527 237 2593 Pars
260 2527 397 2594 secundi
419 2526 495 2591 libri
515 2526 707 2591 Thebaidos
729 2528 831 2592 Statii
853 2547 874 2592 a
897 2519 1087 2609 christoph]
1105 2526 1241 2604 Pittr-

150 2628 245 2692 lnter
267 2628 379 2711 politae
403 2628 510 2694 nostri
534 2626 718 2693 Alexandri
735 2628 837 2712 Popii
859 2626 1027 2710 poemata,
1048 2627 1124 2691 libri
1141 2627 1241 2711 primi

149 2730 252 2795 Statii
269 2728 458 2795 Thebaidos
480 2731 586 2793 versio
610 2730 745 2813 politica
756 2722 861 2799 :ssllx
879 2720 1172 2793 'lhebdidos-lihro
1190 2742 1240 2789 v1.

149 2850 221 2893 vss.
242 2831 427 2896 704-724.
443 2848 464 2895 a
478 2830 583 2894 Graio
596 2829 739 2911 Anglice
754 2830 874 2893 redditi
886 2827 1123 2892 :-·Versiones
1138 2830 1241 2892 etiam

149 2950 194 2997 ex
209 2931 319 2997 Statio
334 2950 356 2994 a
367 2930 390 2995 J
392 2932 474 2995 aben
490 2930 639 3012 Hughes.

192 3032 228 3097 J.
243 3034 282 3099 F.
297 3031 462 3098 Gronovii
479 3031 514 3095 iu
534 3030 714 3113 Sylvaru‘m
725 3029 847 3093 hihros
862 3045 896 3092 v.
911 3028 1084 3095 Diatrihen
1103 3030 1146 3092 ab
1161 3029 1240 3111 ipso
1358 3095 1361 3099 ,

150 3140 289 3198 auctore
304 3140 436 3198 anetam
450 3138 485 3196 et
499 3137 692 3207 correctam,
711 3149 781 3194 nna
794 3150 870 3195 curn
886 3130 1029 3194 Emerici
1042 3129 1162 3193 Crucei
1172 3128 1242 3192 An·

148 3235 333 3311 tidiatn'be,
348 3232 462 3310 edidit,
477 3234 547 3297 suis
569 3232 840 3295 annotationibus
854 3230 1005 3313 adjectis,
1019 3230 1060 3293 F.
1071 3230 1241 3305 Handins,

150 3336 248 3419 Lips.
269 3334 365 3399 1812.
380 3335 402 3397 2
416 3333 497 3399 voll.
515 3332 803 3397 svn-Dodwelli
820 3328 973 3395 Annales
987 3330 1141 3408 Statiani,
1163 3348 1242 3394 cnm

147 3434 342 3503 Annalibus
364 3432 563 3511 Velleianis,
581 3432 775 3515 prodierunt
797 3428 910 3495 Oxou.
930 3429 1242 3495 less-mincher-

145 3536 305 3615 lischius,
328 3554 449 3602 novam
472 3533 572 3600 statii
593 3534 768 3599 editionem
793 3532 967 3609 meditans,
990 3532 1243 3595 ohservationes

144 3638 287 3705 criticas
318 3639 354 3701 in
379 3635 570 3701 Achilleida
598 3634 739 3717 subjecit
768 3632 935 3716 Epistnlee
963 3652 1034 3697 suae
1056 3632 1183 3695 criticae
1208 3631 1244 3693 iu

143 3738 407 3823 Apollodorum,
432 3736 582 3819 Gotting.
604 3733 800 3801 1782-10.
821 3733 1011 3817 christoph.
1031 3729 1244 3796 Dommerchi

145 3839 198 3907 ad
209 3839 310 3905 Statii
325 3837 528 3916 Achilleida,
542 3856 585 3901 ex
604 3835 803 3901 membranis
816 3832 967 3898 biblioth.
982 3851 1067 3908 auae,
1078 3830 1245 3894 anecdota
1376 3867 1383 3881 ·

144 3942 308 4024 vulgavit
320 3938 492 4003 Wcllenb.
503 3926 598 4003 1768.
615 3936 676 4001 sed
686 3935 814 4001 Saxius
826 3940 923 3999 notat
933 3933 1005 3997 litis
1020 3931 1242 3995 Gronovianae

144 4041 325 4109 hiemum
343 4039 392 4104 ibi
407 4039 571 4103 nonsatis
595 4044 749 4105 accurate
774 4035 974 4119 descriptam
988 4032 1244 4099 esse-Praeter

144 4142 317 4209 Vossinm
330 4146 364 4205 et
378 4138 565 4207 Fabricium
577 4140 790 4206 consulantur
800 4136 900 4201 etiam
913 4134 1024 4201 Crenii
1039 4132 1244 4206 animadver-

220 4258 310 4321 verpe.
322 4262 345 4307 et
357 4257 414 4308 Ver.
425 4258 488 4309 Cleo.
681 4254 745 4304 Stet.
1124 4255 1141 4298 d
1158 4248 1181 4298 P
