3000 4892
302 368 388 437 Μ
431 382 588 434 contens
613 383 652 431 lli
676 380 866 431 ainaihun.
889 382 1012 433 snitu.
1034 380 1254 435 ASSBBVA'l'l.

300 532 389 607 hros,
411 532 444 593 ct
462 534 624 612 preterea
645 524 875 608 unnsquisque
895 524 979 591 liber
1003 526 1068 591 sibi
1093 528 1264 611 proprium
1287 528 1372 593 hahet

301 634 530 713 argumentum
543 628 578 693 in
591 646 691 693 versu
705 626 849 691 heroico.

344 730 441 797 Alios
457 736 584 815 septem
599 726 732 793 codices
743 726 843 791 Statii
853 725 1047 793 'l'hehaidos
1060 728 1179 794 retinet
1188 730 1375 795 bibliotheca

303 832 499 899 Harleiane.

345 935 434 1000 luter
448 932 592 997 Codices
608 927 814 1005 Bumeienos,
827 926 874 993 N.
892 928 968 994 257.
981 936 1036 992 est
1056 930 1133 994 eod
1154 934 1330 997 membran.
1342 934 1376 997 li·

300 1039 379 1102 hros
409 1050 480 1100 xu.
513 1032 706 1099 Thebaidos
735 1031 920 1109 continens,
959 1032 1158 1115 quibusdam
1187 1034 1316 1116 paginis
1339 1035 1377 1099 ad

303 1138 485 1207 editionem
512 1134 615 1200 loun.
644 1130 842 1197 Veenhnseu
878 1131 1022 1210 collatis,
1060 1132 1248 1198 charactere
1282 1154 1378 1217 parvo

301 1241 402 1307 Goth.
416 1237 524 1304 lucide
537 1236 693 1319 scriptos,
707 1240 742 1299 et
762 1234 844 1298 mire
863 1232 1077 1313 illuminatos,
1094 1254 1172 1300 cnm
1191 1235 1304 1316 liguris
1319 1236 1380 1300 ele·

302 1346 418 1425 gauter
431 1338 546 1423 pictis,
561 1355 676 1403 omnes
691 1354 787 1419 paene
800 1334 994 1400 'l'hebaidos
1010 1344 1123 1419 partes
1134 1336 1380 1401 illustrantibus.

301 1440 489 1525 Frangitur
531 1436 776 1521 Compendlum
805 1437 907 1501 totins
935 1436 1131 1503 'lhehaidos
1165 1440 1330 1523 prosaice,
1361 1459 1383 1504 a

301 1542 481 1611 lactantio
496 1540 704 1623 Campanno,
715 1544 750 1603 et
764 1538 1005 1622 subjunguntur
1021 1539 1220 1623 singulorum
1233 1540 1383 1605 librorum

302 1650 504 1729 argumente.
549 1640 673 1705 Nullas
680 1640 784 1707 hahet
796 1641 1042 1719 mactationes,
1055 1642 1197 1723 glossas,
1210 1647 1269 1707 aot
1279 1643 1384 1709 vadas

301 1746 485 1811 lectiones:
513 1741 707 1809 Thebaidos
735 1760 816 1807 vero
842 1741 1009 1820 codicum,
1035 1762 1122 1827 qnos
1143 1742 1299 1821 vidimus,
1319 1764 1384 1809 om·

300 1848 392 1911 nium
406 1844 504 1927 longe
520 1848 572 1908 est
584 1842 837 1926 pulcherrimus.

345 1946 392 2012 N.
412 1946 488 2013 258.
509 1944 700 2011 Thebaidos
715 1943 810 2009 Libri
825 1958 896 2008 xis.
910 1943 987 2008 cod.
1004 1942 1070 2007 Ms.
1084 1944 1264 2010 membran.
1278 1947 1385 2013 collat.

301 2048 346 2115 ad
367 2046 530 2133 quasdam
553 2064 653 2130 pagg.
677 2046 833 2111 editionis
851 2044 953 2111 loen.
974 2042 1188 2124 Vesnhnssn,
1202 2066 1279 2112 eum
1300 2048 1385 2113 notis

301 2150 539 2233 marginalibus
554 2155 590 2211 et
602 2148 705 2228 gloss.
718 2166 799 2211 saec.
814 2162 871 2211 ιι.
884 2147 940 2211 vel
956 2162 1027 2212 xri.
1040 2146 1123 2211 nihil
1136 2148 1314 2213 mutilatus

346 2249 386 2314 Iu
401 2248 610 2313 Bibliotheca
632 2244 745 2311 Musei
768 2247 953 2313 Britannici
977 2254 1030 2313 est
1050 2250 1154 2314 etiam
1167 2250 1273 2315 editio
1287 2251 1388 2335 lugd.

303 2352 381 2419 Bat.
396 2348 492 2415 1616.
508 2364 584 2413 cum
598 2348 686 2413 notis
699 2346 787 2412 Mas.
798 2344 940 2412 Ricardl
951 2348 1107 2430 Bentleii,
1121 2358 1156 2415 et
1170 2350 1280 2416 Paria
1294 2352 1386 2416 1618.

303 2472 379 2518 cum
401 2452 489 2516 notis
514 2448 600 2515 hiss.
620 2448 771 2533 ejusdem
795 2448 948 2514 Bentleii.
995 2450 1064 2517 His
1086 2452 1193 2517 addas
1214 2452 1386 2536 sylvarum

302 2554 424 2620 Libros
454 2554 601 2637 quinque
628 2550 828 2636 (secuudum
853 2552 965 2617 varim
993 2549 1173 2639 editiones)
1198 2572 1274 2620 cum
1301 2554 1383 2619 mus

303 2655 390 2721 hies.
403 2653 473 2719 Jer.
489 2652 690 2719 Marklandi.

638 2800 764 2869 Codices
780 2800 1060 2893 Coatadn'gr'mes.

348 2950 386 3013 ln
402 2948 794 3017 Bitheri.l²eb1.oodex
816 2957 869 3017 est
888 2951 1093 3035 'l'hehaidos‚
1114 2956 1290 3019 memhan.
1308 2972 1383 3017 sanc·

302 3065 384 3118 xiv,
400 3052 590 3117 charactere
612 3050 711 3117 Goth.
725 3068 803 3115 cnm
816 3054 903 3118 netis
916 3064 951 3119 et
972 3055 1075 3137 gloss.
1096 3055 1259 3123 llanosna
1278 3063 1339 3134 est,
1352 3058 1384 3117 et

301 3153 415 3219 deficit
427 3162 507 3239 pest
521 3171 656 3219 versum
670 3154 744 3220 oet
758 3153 836 3218 libri
849 3170 919 3222 arr.

427 3254 533 3341 Cujus
544 3258 579 3321 iu
595 3254 724 3340 Ogygio
739 3262 805 3321 stet
818 3258 977 3342 princeps
990 3259 1112 3325 lancea
1124 3279 1232 3325 muro.

344 3354 386 3417 ln
401 3351 508 3419 Domo
523 3354 666 3421 Petrerrsr'
680 3355 793 3421 codex
808 3360 933 3424 estcui
947 3361 997 3426 tit.
1249 3351 1253 3359 ’

681 3456 817 3521 Stacius

682 3558 847 3643 Papinius
865 3560 1077 3648 'lhehaydca

682 3657 798 3724 Oracii
812 3660 970 3728 Carmina

809 3762 986 3829 Sermones

807 3862 981 3948 Epistola.

299 3958 454 4051 llicnhis.
467 3960 606 4045 incipit:

385 4064 561 4130 Fraternas
574 4064 668 4130 acies
682 4064 875 4151 alternaque
888 4086 989 4152 regns
1001 4069 1185 4153 prophanis

383 4162 572 4232 Discertate
584 4165 696 4235 hodila
711 4172 825 4235 sones
839 4188 904 4253 que
915 4170 1053 4238 volvere
1065 4169 1213 4237 lhehas·
